[gd_scene load_steps=8 format=2]

[ext_resource path="res://assets/ZigDynamicFont.tres" type="DynamicFont" id=1]
[ext_resource path="res://scripts/ui/saveloadmenu/saveloadMenu.gd" type="Script" id=2]
[ext_resource path="res://scripts/ui/saveloadmenu/CloseButton.gd" type="Script" id=3]
[ext_resource path="res://scripts/ui/saveloadmenu/SaveButton.gd" type="Script" id=4]
[ext_resource path="res://scripts/ui/saveloadmenu/LoadButton.gd" type="Script" id=5]
[ext_resource path="res://scripts/ui/saveloadmenu/SaveNameField.gd" type="Script" id=6]
[ext_resource path="res://scripts/ui/saveloadmenu/DeleteButton.gd" type="Script" id=7]

[node name="SaveLoadMenu" type="Panel"]
margin_left = -170.0
margin_top = -210.0
margin_right = 170.0
margin_bottom = 200.0
script = ExtResource( 2 )
__meta__ = {
"_edit_use_anchors_": false
}

[node name="SaveNameField" type="LineEdit" parent="."]
margin_left = 20.0
margin_top = 20.0
margin_right = 222.0
margin_bottom = 50.0
custom_fonts/font = ExtResource( 1 )
placeholder_text = "name"
placeholder_alpha = 0.309
script = ExtResource( 6 )
__meta__ = {
"_edit_use_anchors_": false
}

[node name="initTimer" type="Timer" parent="SaveNameField"]
wait_time = 0.01
one_shot = true
autostart = true

[node name="SaveButton" type="Button" parent="."]
margin_left = 240.0
margin_top = 20.0
margin_right = 320.0
margin_bottom = 50.0
custom_fonts/font = ExtResource( 1 )
disabled = true
text = "Save"
script = ExtResource( 4 )
__meta__ = {
"_edit_use_anchors_": false
}

[node name="CloseButton" type="Button" parent="."]
margin_left = 230.0
margin_top = 370.0
margin_right = 322.0
margin_bottom = 400.0
custom_fonts/font = ExtResource( 1 )
text = "close"
script = ExtResource( 3 )
__meta__ = {
"_edit_use_anchors_": false
}

[node name="LoadButton" type="Button" parent="."]
margin_left = 20.0
margin_top = 370.0
margin_right = 100.0
margin_bottom = 400.0
custom_fonts/font = ExtResource( 1 )
text = "load"
script = ExtResource( 5 )
__meta__ = {
"_edit_use_anchors_": false
}

[node name="DeleteButton" type="Button" parent="."]
margin_left = 110.0
margin_top = 370.0
margin_right = 218.0
margin_bottom = 400.0
custom_fonts/font = ExtResource( 1 )
disabled = true
text = "delete"
script = ExtResource( 7 )
__meta__ = {
"_edit_use_anchors_": false
}

[node name="HSeparator" type="HSeparator" parent="."]
margin_left = 20.0
margin_top = 60.0
margin_right = 320.0
margin_bottom = 64.0

[node name="FileListBox" type="TextEdit" parent="."]
margin_left = 20.0
margin_top = 80.0
margin_right = 320.0
margin_bottom = 360.0
custom_fonts/font = ExtResource( 1 )
readonly = true
highlight_current_line = true
show_line_numbers = true
context_menu_enabled = false
shortcut_keys_enabled = false
selecting_enabled = false
smooth_scrolling = true
__meta__ = {
"_edit_use_anchors_": false
}
[connection signal="text_changed" from="SaveNameField" to="SaveNameField" method="_on_SaveNameField_text_changed"]
[connection signal="pressed" from="SaveButton" to="SaveButton" method="_on_SaveButton_pressed"]
[connection signal="pressed" from="CloseButton" to="CloseButton" method="_on_CloseButton_pressed"]
[connection signal="pressed" from="LoadButton" to="LoadButton" method="_on_LoadButton_pressed"]
[connection signal="pressed" from="DeleteButton" to="DeleteButton" method="_on_DeleteButton_pressed"]
[connection signal="cursor_changed" from="FileListBox" to="SaveNameField" method="_on_FileListBox_cursor_changed" flags=3]
[connection signal="gui_input" from="FileListBox" to="DeleteButton" method="_on_FileListBox_gui_input"]
