[gd_scene load_steps=7 format=2]

[ext_resource path="res://scripts/gates/OrGate.gd" type="Script" id=1]
[ext_resource path="res://assets/ZigDynamicFont.tres" type="DynamicFont" id=2]
[ext_resource path="res://scenes/connection_elements/Input.tscn" type="PackedScene" id=3]
[ext_resource path="res://scenes/connection_elements/Output.tscn" type="PackedScene" id=4]
[ext_resource path="res://scripts/ui/MoveableElement.gd" type="Script" id=5]

[sub_resource type="RectangleShape2D" id=1]
extents = Vector2( 44.5048, 30 )

[node name="OrGate" type="Polygon2D" groups=[
"elements",
]]
color = Color( 0.917647, 0.603922, 0.588235, 1 )
polygon = PoolVector2Array( 60, -30, 60, 30, -60, 30, -40, 0, -60, -30 )
script = ExtResource( 1 )

[node name="Label" type="Label" parent="."]
margin_left = -60.0
margin_top = -30.0
rect_scale = Vector2( 2, 2 )
custom_fonts/font = ExtResource( 2 )
custom_colors/font_color = Color( 0, 0, 0, 1 )
text = "OR"
align = 1
valign = 1
__meta__ = {
"_edit_use_anchors_": false
}

[node name="Input" parent="." instance=ExtResource( 3 )]
position = Vector2( -60, -20 )

[node name="Input2" parent="." instance=ExtResource( 3 )]
position = Vector2( -60, 20 )

[node name="Output" parent="." instance=ExtResource( 4 )]
position = Vector2( 71, 0 )

[node name="DragableArea" type="Area2D" parent="."]
script = ExtResource( 5 )

[node name="CollisionShape2D" type="CollisionShape2D" parent="DragableArea"]
shape = SubResource( 1 )
[connection signal="process" from="." to="Output" method="submit_change"]
[connection signal="passthrough" from="Input" to="Output" method="submit_change"]
[connection signal="recieved" from="Input" to="." method="_on_Input_A_recieved"]
[connection signal="passthrough" from="Input2" to="Output" method="submit_change"]
[connection signal="recieved" from="Input2" to="." method="_on_Input_B_recieved"]
[connection signal="input_event" from="DragableArea" to="DragableArea" method="_on_DragableArea_input_event"]
