[gd_scene load_steps=6 format=2]

[ext_resource path="res://assets/LabelZigFont.tres" type="DynamicFont" id=1]
[ext_resource path="res://scripts/elements/Sum.gd" type="Script" id=2]
[ext_resource path="res://scripts/ui/MoveableElement.gd" type="Script" id=3]
[ext_resource path="res://scripts/ui/VisibleOnHover.gd" type="Script" id=4]

[sub_resource type="RectangleShape2D" id=1]
extents = Vector2( 30, 15 )

[node name="Sum" type="Label" groups=[
"elements",
"sums",
]]
margin_left = -22.0
margin_top = -11.0
margin_right = 23.0
margin_bottom = 14.0
rect_scale = Vector2( 2, 2 )
rect_pivot_offset = Vector2( 22, 11.4 )
custom_fonts/font = ExtResource( 1 )
custom_colors/font_outline_modulate = Color( 0.952941, 0.443137, 0.129412, 1 )
text = "0"
align = 1
valign = 1
script = ExtResource( 2 )
__meta__ = {
"_edit_use_anchors_": false
}

[node name="Polygon2D" type="Polygon2D" parent="."]
position = Vector2( 4, 1.5 )
z_index = -1
color = Color( 0.188235, 0.223529, 0.376471, 0.435294 )
polygon = PoolVector2Array( -10, -5, 50, -5, 50, 25, -10, 25, -10, -5 )

[node name="DragableArea" type="Area2D" parent="."]
position = Vector2( -2.5, 0 )
script = ExtResource( 3 )

[node name="CollisionShape2D" type="CollisionShape2D" parent="DragableArea"]
position = Vector2( 26.5, 11.5 )
shape = SubResource( 1 )

[node name="HoverArea" type="Area2D" parent="."]
position = Vector2( -2.5, 0 )
script = ExtResource( 4 )

[node name="CollisionShape2D" type="CollisionShape2D" parent="HoverArea"]
position = Vector2( 26.5, 11.5 )
shape = SubResource( 1 )
[connection signal="input_event" from="DragableArea" to="DragableArea" method="_on_DragableArea_input_event"]
[connection signal="mouse_entered" from="HoverArea" to="HoverArea" method="_on_HoverArea_mouse_entered"]
[connection signal="mouse_exited" from="HoverArea" to="HoverArea" method="_on_HoverArea_mouse_exited"]
